<?xml version="1.0" encoding="UTF-8"?><collection xmlns="http://www.loc.gov/MARC21/slim"><record><leader>00412nam--2200133-i-4500</leader><controlfield tag="001">000047713</controlfield><controlfield tag="002">20161230</controlfield><controlfield tag="005">20161230201046</controlfield><controlfield tag="008">060222s1000------------r-----000-0-eng-d</controlfield><datafield ind1=" " ind2=" " tag="080"><subfield code="a">621.375.826(043)</subfield></datafield><datafield ind1=" " ind2=" " tag="100"><subfield code="a">Woerdman,Johannes Petrus</subfield></datafield><datafield ind1=" " ind2=" " tag="245"><subfield code="a">Some optical and electrical properties of a laser-generated free-carrier plasma in si. these</subfield></datafield><datafield ind1=" " ind2=" " tag="260"><subfield code="a">Amsterdam, Univ.Van Amsterdam, 1971. 85 P</subfield></datafield><datafield ind1=" " ind2=" " tag="852"><subfield code="a">40533</subfield></datafield></record></collection>